@Wikipedia{SpaceInvadersWikipedia,
   author     = {Wikipedia},
   title      = {{Space Invaders}},
   wpentry    = {Space Invaders},
   language   = {es},
   webpage    = {https://es.wikipedia.org/wiki/Space_Invaders}
}

@Wikipedia{WaterPipesWiki,
   author     = {Wikipedia},
   title      = {{Pipe Mania}},
   wpentry    = {Pipe Mania},
   language   = {en},
   webpage    = {https://en.wikipedia.org/wiki/Pipe_Mania}
}
@Wikipedia{progcomponentes,
   author     = {Wikipedia},
   title      = {{Programaci\'{o}n orientada a componentes}},
   wpentry    = {Programaci\'{o}n orientada a componentes},
   language   = {es},
   webpage    = {https://es.wikipedia.org/wiki/Programaci%C3%B3n_orientada_a_componentes}
}
@Wikipedia{ArkanoidWiki,
   author     = {Wikipedia},
   title      = {{Arkanoid}},
   wpentry    = {Arkanoid},
   language   = {en},
   webpage    = {https://en.wikipedia.org/wiki/Arkanoid}
}
@article{ARsurvey,
  AUTHOR="Ronald T. Azuma",
  TITLE="A Survey of Augmented Reality",
  JOURNAL="Introduction",
  YEAR=1997
}

@phdthesis{RACMA,
   Author = {Caro Mart\'{i}nez, Marta and Hernando Hern\'{a}ndez, David},
   Title = {Realidad aumentada para el Museo de Am\'{e}rica},
   School = {Universidad Complutense de Madrid},
   Type = {TFG},
   Year = {2014 - 2015}
}

@misc{arcards,
  author    = {Nintendo},
  title     = {AR Cards videogame},
  webpage   = {https://www.nintendo.es/Familia-Nintendo-3DS/Software-instantaneo/Juegos-RA-la-realidad-aumentada/Juegos-RA-la-realidad-aumentada-115169.html}
}
@misc{pokemongo,
  author    = {Nintendo},
  title     = {Pokemon GO. Versi\'{o}n del juego Pokemon en Realidad Aumentada},
  webpage   = {http://www.pokemon.com/es/videojuegos-pokemon/pokemon-go}
}@misc{ingress,
  author    = {INGRESS},
  title     = {Web oficial del juego},
  webpage   = {https://www.ingress.com}
}@misc{textrecog,
  author    = {Vuforia},
  title     = {Vuforia library Text Recognition},
  webpage   = {https://developer.vuforia.com/library/articles/Training/Text-Recognition-Guide}
}
@misc{salsa,
  author    = {Crazy Minnow Studio, LLC},
  title     = {SALSA With RandomEyes en Asset Store},
  webpage   = {https://www.assetstore.unity3d.com/en/#!/content/16944}
}
@misc{vozme,
  author    = {VozMe},
  title     = {Herramienta web para transformar texto en voz},
  webpage   = {http://vozme.com/}
}

@misc{migs,
  author    = {MIGS},
  title     = {Web oficial del museo Garcia-Santesmases en la Facultad de Inform\'{a}tica de la UCM},
  webpage   = {http://www.fdi.ucm.es/migs/}
}
@misc{aumentaty,
  author    = {AUMENTATY},
  title     = {Web oficial},
  webpage   = {http://www.aumentaty.com/}
}

@misc{camonapp,
  author    = {CAMONAPP},
  title     = {Web oficial},
  webpage   = {http://www.camonapp.com/}
}
@misc{appeducativas,
  author    = {mocadele.net},
  title     = {Realidad Aumentada y Realidad Virtual},
  year      = {2015},
  webpage   = {http://mocadele.net/arloon-app-educativas-de-ciencias-con-realidad-aumentada/}
}

@misc{TargetManagerVuforia,
  author = {Vuforia},
  title = {Target manager de Vuforia},
  webpage = {https://developer.vuforia.com/target-manager}
}

@misc{vuforia,
  author = {Vuforia},
  title = {Documentaci\'{o}n oficial de Vuforia},
  webpage = {https://developer.vuforia.com/library/getting-started}
}

@misc{Unity3d,
  author = {Unity3D},
  title = {Tutoriales de Unity3D},
  webpage = {https://unity3d.com/es/learn/tutorials}
}

@misc{VuforiaForo,
  author = {Vuforia},
  title = {Foro de Vuforia},
  webpage = {https://developer.vuforia.com/forum}
}

@misc{mataro,
  author =   {Roberta Bosco and Stefano Caldana},
  title =    {Construye tu propia exhibici\'{o}n},
  journal =    {El Pais},
  number =       1,
  webpage = {http://blogs.elpais.com/arte-en-la-edad-silicio/2012/05/construye-tu-propia-exhibicion.html},
  year =   {2012}
}

@misc{streetmuseum,
  author    = {Museum of London},
  title     = {Street Museum},
  year      = {2015},
  webpage   = {http://www.museumoflondon.org.uk/Resources/app/you-are-here-app/home.html}
}

@Book{AIbyExample,
  author =	 {Mat Buckland},
  title = 	 {Programming Game {AI} by Example},
  publisher = 	 {Wordware Publishing, Inc.},
  year = 	 2005
}
